% This file was created with Citavi 5.3.1.0

@article{Abeck.2015,
 author = {Abeck, Sebastian},
 year = {2015},
 title = {RESTful Web-Services mit Qualit{\"a}t},
 pages = {28--33},
 number = {01},
 journal = {Objektspektrum}
}


@article{Basili.2001,
 author = {Basili, Victor and {Boehm Barry}},
 year = {2001},
 title = {Software Defect Reduction},
 pages = {135--137},
 journal = {IEEE Computer}
}


@book{Baumgartner.2013,
 author = {Baumgartner, Manfred and Klonk, Martin and Pichler, Helmut and Seidl, Richard and Tanczos, Siegfried},
 year = {2013},
 title = {Agile Testing: Der agile Weg zur Qualit{\"a}t},
 price = {Pb. : ca. EUR 39.99 (DE)},
 keywords = {Agile Softwareentwicklung;Qualit{\"a}tssicherung;Software;Softwareentwicklung;Softwaretest;Testen},
 address = {M{\"u}nchen},
 publisher = {Hanser},
 isbn = {9783446432642}
}


@misc{Bayer.2002,
 abstract = {REST ist eine Alternative zu SOAP u. XML-RPC. Der Artikel ist eine Einf{\"u}hrung, der Themen wie Sicherheit, Skalierbarkeit und Tools behandelt.},
 author = {Bayer, Thomas},
 year = {2002},
 title = {REST Web Services - Einf{\"u}hrung u. Vergleich mit SOAP},
 url = {http://www.oio.de/public/xml/rest-webservices.pdf},
 keywords = {Beispiel;REST;RPC;SOAP;Web services;XML;XML-RPC},
 urldate = {2016-06-20}
}


@misc{Bhatt.2011,
 abstract = {One of the fundamental requirements of making Unit testing work is isolation. Isolation is hard in real world as there are always dependencies (collaborators) across the system. That's where concept of something generically called `Test Double' comes into picture. A `Double' allow us to break the original dependency, helping isolate the unit (or System Under$\ldots$},
 author = {Bhatt, Niraj},
 year = {2011},
 title = {Dummy vs. Stub vs. Spy vs. Fake vs.~Mock},
 url = {https://nirajrules.wordpress.com/2011/08/27/dummy-vs-stub-vs-spy-vs-fake-vs-mock/},
 urldate = {2016-06-30}
}


@misc{Binder.2011,
 abstract = {First part of a talk at 2010 Google Test Automation Conference on Testability.},
 author = {Binder, Robert v.},
 year = {2011},
 title = {Software Testability},
 url = {http://robertvbinder.com/software-testability-part-1-what-is-it/},
 urldate = {2016-07-06}
}


@misc{BMBF.2001,
 editor = {{Bundesministerium f{\"u}r Bildung und Forschung}},
 year = {2001},
 title = {Analyse und Evaluation der Softwareentwicklung in Deutschland},
 address = {Berlin},
 urldate = {2016-06-30}
}


@misc{Browseranteile.2016,
 abstract = {Suchmaschinen Marktanteile und Entwicklung in Deutschland von 2001 bis 2016 (Google, Bing, Yahoo {\&} Co).},
 author = {{Di Bari}, Mario},
 year = {2016},
 title = {Suchmaschinen Liste {\&} Marktanteile},
 url = {https://seo-summary.de/suchmaschinen/},
 urldate = {2016-07-10}
}


@misc{Duden,
 abstract = {Definition, Rechtschreibung, Synonyme und Grammatik von 'Integration' auf Duden online nachschlagen. W{\"o}rterbuch der deutschen Sprache.},
 editor = {Dudenredaktion},
 year = {2016},
 title = {Duden},
 url = {http://www.duden.de/},
 keywords = {Definition;Rechtschreibung;Synonyme und Grammatik von 'Integration' auf Duden online nachschlagen. W{\"o}rterbuch der deutschen Sprache.},
 urldate = {2016-06-22}
}


@misc{EdW.WebArchitektur,
 abstract = {Das Web f{\"o}rdert die verteilte Realisierung von Anwendungssystemen. Dies zeigt sich einerseits bei einer Abwicklung der Benutzerinteraktion durch den Web-Browser. Andererseits wird die Kopplung von Anwendungssystemkomponenten auf der Grundlage gekapselter Web-Dienste unterst{\"u}tzt.},
 author = {Fink, Andreas},
 editor = {{Lehrstuhl f{\"u}r Wirtschaftsinformatik und Electronic Government}},
 year = {2012},
 title = {Enzyklopaedie der Wirtschaftsinformatik: Web-Architektur},
 url = {http://www.enzyklopaedie-der-wirtschaftsinformatik.de/lexikon/is-management/Systementwicklung/Softwarearchitektur/Architekturparadigmen/Web-Architektur/index.html/?searchterm=web%20architektur},
 keywords = {Wirtschaftsinformatik Lexikon Lexicon Enzyklopaedie Enzyklop{\"a}die Handbuch},
 urldate = {2016-06-09}
}


@article{Eickelmann.2003,
 author = {Eickelmann, N. and Anant, A.},
 year = {2003},
 title = {Statistical process control: What you don't measure can hurt you!},
 pages = {49--51},
 volume = {20},
 number = {2},
 journal = {IEEE Software},
 doi = {10.1109/MS.2003.1184166}
}


@article{Endres.2003,
 author = {Endres, Albert},
 year = {2003},
 title = {Softwarequalit{\"a}t aus Nutzersicht und ihre wirtschaftliche Bewertung},
 pages = {20--25},
 number = {26},
 journal = {Informatik-Spektrum}
}


@phdthesis{Fielding.2000,
 author = {Fielding, Roy Thomas},
 year = {2000},
 title = {Architectural styles and the design of network-based software architectures},
 url = {http://jpkc.fudan.edu.cn/picture/article/216/35/4b/22598d594e3d93239700ce79bce1/7ed3ec2a-03c2-49cb-8bf8-5a90ea42f523.pdf},
 address = {Irvine},
 urldate = {2016-07-10},
 school = {{University of California}},
 type = {Dissertation}
}


@misc{Fielding.2008,
 author = {Fielding, R.},
 year = {2008},
 title = {REST APIs must be hypertext-driven},
 url = {http://roy.gbiv.com/untangled/2008/rest-apis-must-be-hypertext-driven},
 urldate = {2016-07-10}
}


@misc{Fowler.2007,
 abstract = {Explaining the difference between Mock Objects and Stubs (together with other forms of Test Double). Also the difference between classical and mockist styles of unit testing.},
 author = {Fowler, Martin},
 year = {2007},
 title = {Mocks Aren't Stubs},
 url = {http://www.martinfowler.com/articles/mocksArentStubs.html},
 urldate = {2016-06-30}
}


@misc{Fredrich.2016,
 abstract = {Naming Tutorial: RESTful services are resource-based. How do you create those noun-based resource names? Here's how...},
 author = {Fredrich, Todd},
 year = {2016},
 title = {HTTP Status Codes},
 url = {http://www.restapitutorial.com/httpstatuscodes.html},
 urldate = {2016-07-03}
}


@misc{GBSLeipzig.2013,
 editor = {{GBS Leipzig}},
 year = {2013},
 title = {HTTP-Header-Felder},
 url = {http://blog.nobs-nobody.de/archive/239},
 urldate = {2016-07-10}
}


@book{Hamill.2005,
 author = {Hamill, Paul},
 year = {2005},
 title = {Unit Test Frameworks: [a language independent overview]},
 url = {http://proquest.tech.safaribooksonline.de/0596006896},
 keywords = {Computer programming;Computer software;Development;Testing},
 address = {Beijing},
 edition = {1. ed.},
 publisher = {O'Reilly},
 isbn = {0596006896},
 series = {Safari Books online}
}


@phdthesis{Hardt.2007,
 author = {Hardt, Dennis},
 year = {2007},
 title = {Testen von serviceorientierten Architekturen: Teststrategie und Implementierung},
 address = {Hannover},
 publisher = {Institut f{\"u}r Praktische Informatik},
 school = {{Gottfried Wilhelm Leibniz Universit{\"a}t}},
 type = {Masterarbeit}
}


@misc{Holtkamp.,
 author = {Holtkamp, Heiko},
 year = {2002-02-14},
 title = {tcpip},
 url = {http://www.rvs.uni-bielefeld.de/~heiko/tcpip/tcpip.pdf},
 urldate = {2016-06-13}
}


@misc{IEEE.829,
 year = {2008},
 title = {Standard for Software and System Test Documentation},
 url = {http://dis.unal.edu.co/~icasta/ggs/Documentos/Normas/829-2008.pdf},
 keywords = {integrity level;life cycle;test documentation;Testing},
 urldate = {2016-06-28},
 number = {829},
 author = {{Institute of Electrical and Electronics Engineers}}
}


@misc{ISTQB,
 abstract = {ISTQB{\circledR} (International Software Testing Qualifications Board) is a not-for-profit association legally registered in Belgium.},
 editor = {ISTQB},
 year = {2016},
 title = {Certifying Software Testers Worldwide: ISTQB International Software Testing Qualifications Board},
 url = {http://www.istqb.org/},
 keywords = {advanced;certification;expert;foundation;qualifications;Software;software tester;syllabi;Testing},
 urldate = {2016-07-01}
}


@misc{Krause.2015,
 author = {{J{\"o}rg Krause}},
 year = {2015},
 title = {Die Protokolle des Web},
 url = {http://www.joergkrause.de/die-protokolle-des-web},
 urldate = {2016-06-13}
}


@book{Linz.2013,
 author = {Linz, Tilo},
 year = {2013},
 title = {Testen in Scrum-Projekten: Leitfaden f{\"u}r Softwarequalit{\"a}t in der agilen Welt},
 keywords = {Agile Softwareentwicklung;Computer software;Qualit{\"a}tsmanagement;Qualit{\"a}tssicherung;Scrum;Scrum (Computer software development);Scrum (Vorgehensmodell)},
 address = {Heidelberg},
 edition = {1. Aufl.},
 publisher = {Dpunkt-Verl.},
 isbn = {9783898647991}
}


@book{Melzer.2008,
 author = {Melzer, Ingo and Eberhard, Sebastian},
 year = {2008},
 title = {Service-orientierte Architekturen mit Web Services: Konzepte - Standards - Praxis},
 keywords = {Informationsmanagement;Internetbasierter Dienst;Serviceorientierte Architektur;Theorie;Web Service / Informationsmanagement / Theorie;Web services},
 address = {Heidelberg},
 edition = {3. Auflage},
 publisher = {{Spektrum Akad. Verl.}},
 isbn = {3827425190}
}


@book{Myers.2012,
 abstract = {The classic, landmark work on software testing The hardware and software of computing have changed markedly in the three decades since the first edition of The Art of Software Testing, but this book's powerful underlying analysis has stood the test of time. Whereas most books on software testing target particular development techniques, languages, or testing methods, The Art of Software Testing, Third Edition provides a brief but powerful and comprehensive presentation of time-proven software testing approaches. If your software development project is mission critical, this book is an investme


The classic, landmark work on software testing The hardware and software of computing have changed markedly in the three decades since the first edition of The Art of Software Testing, but this book's powerful underlying analysis has stood the test of time. Whereas most books on software testing target particular development techniques, languages, or testing methods, The Art of Software Testing, Third Edition provides a brief but powerful and comprehensive presentation of time-proven software testing approaches. If your software development project is mission critical, this book is an investme},
 author = {Myers, Glenford J. and Badgett, Tom and Sandler, Corey},
 year = {2012},
 title = {The art of software testing: [now covers testing for usability, smartphone apps, and agile development environments]},
 url = {http://site.ebrary.com/lib/academiccompletetitles/home.action},
 keywords = {Computer software;Computer software / Testing;Debugging in computer science;Software;Softwaretest;Testen;Testing},
 address = {Hoboken, NJ},
 edition = {3. Auflage},
 publisher = {Wiley},
 isbn = {1283281414},
 institution = {{ebrary, Inc}}
}


@misc{Reimers.2016,
 abstract = {Dieses Tutorial erkl{\"a}rt, wie ihr MySQL lokal auf eurem Windows-Rechner installieren k{\"o}nnt.},
 author = {Reimers, Nils},
 year = {2016},
 title = {MySQL Tutorial},
 url = {https://www.php-einfach.de/mysql-tutorial/mysql-installieren/},
 urldate = {2016-07-18}
}


@misc{RFC.2046,
 author = {Freed, N. and Borenstein, N.},
 year = {1996},
 title = {Multipurpose Internet Mail Extensions (MIME) Part Two: Media Types},
 url = {https://www.ietf.org/rfc/rfc2046.txt},
 urldate = {2016-07-23},
 publisher = {{RFC Editor}},
 doi = {10.17487/rfc2046}
}


@misc{RFC.3986,
 author = {Berners-Lee, T. and Fielding, R. and Masinter, L.},
 year = {2005},
 title = {Uniform Resource Identifier (URI): Generic Syntax},
 url = {https://www.ietf.org/rfc/rfc3986.txt},
 urldate = {2016-07-23},
 publisher = {{RFC Editor}},
 doi = {10.17487/rfc3986}
}


@misc{RFC.7230,
 author = {Fielding, R. and Reschke, J.},
 year = {2014},
 title = {Hypertext Transfer Protocol (HTTP/1.1): Message Syntax and Routing},
 url = {https://tools.ietf.org/html/rfc7230},
 urldate = {2016-07-23},
 publisher = {{RFC Editor}},
 doi = {10.17487/rfc7230}
}


@misc{RFC.7540,
 author = {Belshe, M. and Peon, R. and Thomson, M.},
 year = {2015},
 title = {Hypertext Transfer Protocol Version 2 (HTTP/2)},
 url = {https://tools.ietf.org/html/rfc7540},
 urldate = {2016-07-23},
 publisher = {{RFC Editor}},
 doi = {10.17487/RFC7540}
}


@book{Richardson.2007,
 abstract = {Shows how to use the REST architectural style to create web sites that can be used by computers as well as machines, providing basic rules for using REST and real-life examples of such Web services.},
 author = {Richardson, Leonard and Ruby, Sam},
 year = {2007},
 title = {RESTful web services},
 keywords = {Web services},
 address = {Farnham},
 publisher = {O'Reilly},
 isbn = {0596529260}
}


@book{Richardson.2007b,
 author = {Richardson, Leonard and Ruby, Sam and Demmig, Thomas},
 year = {2007},
 title = {Web-Services mit REST: [frischer Wind f{\"u}r Web-Services durch REST]},
 keywords = {REST (Informatik);REST {\textless}Informatik{\textgreater}},
 address = {Beijing and Cambridge and Farnham and K{\"o}ln and Paris and Sebastopol and Taipei and Tokyo},
 edition = {Dt. Ausg., 1. Auflage},
 publisher = {O'Reilly},
 isbn = {3897217279}
}


@misc{Schiwek.2014,
 abstract = {Authentifizierung Eine Authentifizierung dient dem Nachweis, im Besitz bestimmter Rechte zu sein. H{\"a}ufig sind Rechte direkt an eine Person gebunden. In},
 author = {Schiwek, Frederick},
 year = {2014},
 title = {Authentifizierung vs Autorisierung},
 url = {http://authentifizierung.org/authentifizierung-vs-autorisierung/},
 keywords = {authentifizierung;autorisierung},
 urldate = {2016-07-05}
}


@book{Sneed.2007,
 author = {Sneed, Harry M. and Baumgartner, Manfred and Seidl, Richard},
 year = {2007},
 title = {Der Systemtest: Anforderungsbasiertes Testen von Software-Systemen},
 keywords = {Software;Softwaretest;Testen},
 address = {M{\"u}nchen [u.a.]},
 publisher = {Hanser},
 isbn = {9783446407930}
}


@book{Sneed.2012,
 author = {Sneed, Harry M. and Baumgartner, Manfred and Seidl, Richard},
 year = {2012},
 title = {Der Systemtest: Von den Anforderungen zum Qualit{\"a}tsnachweis},
 url = {http://www.hanser-elibrary.com/isbn/9783446426924},
 keywords = {Requirements engineering;Softwaresystem;Systemplattform;Testdaten;Testen;Vorgehensmodell},
 address = {M{\"u}nchen},
 edition = {3., aktualisierte und erweiterte Auflage},
 publisher = {Hanser},
 isbn = {9783446426924}
}


@misc{SoapUI,
 abstract = {Get started learning how to test your RESTful APIs and web services using SoapUI. Walk through examples, screenshots and learn REST testing today!},
 editor = {{SmartBear Software Inc.}},
 year = {2016},
 title = {Getting Started with REST Testing: RESTful APIs},
 url = {https://www.soapui.org/rest-testing/getting-started.html},
 keywords = {api;REST;service oriented architecture;soa;soa testing;SOAP;soap testing;soap ui;soapui;Testing;web service development;Web services;web services testing;webservices},
 urldate = {2016-06-30}
}


@misc{SoapUI.Parameter,
 abstract = {SoapUI, is the world leading Open Source Functional Testing tool for API Testing. It supports multiple protocols such as SOAP, REST, HTTP, JMS, AMF and JDBC. It supports functional tests, security tests, and virtualization.},
 editor = {{SmartBear Software Inc.}},
 year = {2015},
 title = {Understanding REST Headers and Parameters},
 url = {https://www.soapui.org/testing-dojo/best-practices/understanding-rest-headers-and-parameters.html},
 keywords = {api;REST;service oriented architecture;soa;soa testing;SOAP;soap testing;soap ui;soapui;Testing;web service development;Web services;web services testing;webservices},
 urldate = {2016-07-04}
}


@book{Spillner.2012,
 abstract = {Professionelles Pr{\"u}fen und Testen von Software wird zu einer immer wichtigeren Aufgabe, die eine fundierte Ausbildung erfordert. Mit dem {\dq}Certified-Tester{\dq}-Programm existiert ein international standardisiertes Aus- und Weiterbildungsschema f{\"u}r Softwaretester.  Dieses Buch umfasst den ben{\"o}tigten Stoff zum Ablegen der Pr{\"u}fung Certified Tester (Foundation Level) nach ISTQB-Standard. Es vermittelt das n{\"o}tige Grundlagenwissen und verwendet dabei ein durchg{\"a}ngiges Beispiel. Die wichtigsten Methoden zum Testen von Software und zum Pr{\"u}fen der w{\"a}hrend der Softwareentwicklung verwendeten und erstellten Dokumente werden ausf{\"u}hrlich behandelt.  Aus dem Inhalt:  - Grundlagen des Softwaretestens - Testen im Softwarelebenszyklus - Statischer Test - Dynamischer Test - Testmanagement - Testwerkzeuge  {\"U}ber das in diesem Buch vermittelte Basiswissen sollten Tester sowie Softwareentwickler und Programmierer verf{\"u}gen. Das Buch ist so aufbereitet, dass es auch f{\"u}r das Selbststudium geeignet ist.  Die 5. Auflage wurde {\"u}berarbeitet und ist konform zum ISTQB-Lehrplan Version 2011. Abgedeckt wird damit auch der entsprechende deutschsprachige Foundation-Level-Lehrplan des German Testing Board, des Austrian Testing Board und des Swiss Testing Board.  {\dq}Eine unentbehrliche Basislekt{\"u}re zum Selbststudium f{\"u}r alle, die im Testbereich t{\"a}tig sind oder sein wollen.{\dq}MID Enterprise Software Solutions},
 author = {Spillner, Andreas and Linz, Tilo},
 year = {2012},
 title = {Basiswissen Softwaretest: Aus- und Weiterbildung zum Certified Tester},
 url = {http://ebooks.ciando.com/book/index.cfm/bok_id/365880},
 keywords = {Computer Informatik;Computer software / Examinations / Study guides;Computer software / Testing;Computer Software-Design;Electronic data processing personnel / Certification},
 address = {Heidelberg},
 edition = {5. {\"u}berarbeitete und aktualisierte Auflage},
 publisher = {Dpunkt.verlag},
 isbn = {3864900247},
 series = {iSQI-Reihe}
}


@article{Stal.2006,
 author = {Stal, Michael},
 year = {2006},
 title = {Using architectural patterns and blueprints for service-oriented architecture},
 pages = {54--61},
 volume = {23},
 number = {2},
 issn = {0740-7459},
 journal = {IEEE Software},
 doi = {10.1109/MS.2006.60}
}


@misc{Tang.2016,
 abstract = {Thoughts and tutorials on JavaScript frameworks, testing, and patterns},
 author = {Tang, David},
 year = {2016},
 title = {Jasmine vs. Mocha, Chai, and Sinon - The JS Guy},
 url = {http://thejsguy.com/2015/01/12/jasmine-vs-mocha-chai-and-sinon.html},
 keywords = {Introduction to Sinon.js;Jasmine spies vs Sinon;Jasmine unit testing;Jasmine vs. Mocha;JavaScript unit testing;Sinon Tutorial},
 urldate = {2016-07-06}
}


@misc{Teia.Header.2016,
 abstract = {Lernen Sie hier im kostenlosen Online Kurs: Konzepte der Internet Technik mit - HTTP-Header-Felder - alles {\"u}ber: HTTP-Header-Felder.},
 editor = {{TEIA AG - Internet Akademie und Lehrbuch Verlag}},
 year = {2016},
 title = {HTTP-Header-Felder},
 url = {https://www.teialehrbuch.de/Kostenlose-Kurse/Internet-Technik/16313-HTTP-Header-Felder.html},
 keywords = {HTTP-Header-Felder},
 urldate = {2016-07-04}
}


@book{Thaller.2002,
 author = {Thaller, Georg Erwin},
 year = {2002},
 title = {Software-Test: Verifikation und Validation},
 price = {EUR 44.00 (DE)},
 keywords = {30;Qualit{\"a}tssicherung;Software;Softwareentwicklung;Testen},
 address = {Hannover},
 edition = {2., aktualisierte und erweiterte Auflage},
 publisher = {Heise},
 isbn = {3882291982}
}


@book{Tilkov.2015,
 abstract = {Das Buch bietet eine theoretisch fundierte, vor allem aber praxistaugliche Anleitung zum professionellen Einsatz von RESTful HTTP. Es beschreibt den Architekturstil REST (Representational State Transfer) und seine Umsetzung im Rahmen der Protokolle des World Wide Web (HTTP, URIs und andere).    Es wird gezeigt, wie man klassische Webanwendungen und Webservices so entwirft, dass sie im Einklang mit den Grundprinzipien des Web stehen und seine vielen Vorteile ausnutzen.    Nach einer kurzen Einleitung, die die Grundprinzipien vermittelt (Ressourcen, Repr{\"a}sentationen, Hyperlinks, Content Negotiation), wird ein vollst{\"a}ndiges praktisches Beispiel vorgestellt. Danach werden die einzelnen Konzepte sowie fortgeschrittene Themen wie Caching, Dokumentation und Sicherheit detailliert betrachtet. Schlie{\ss}lich wird eine erweiterte Form der Beispielanwendung entwickelt, um die Umsetzung der fortgeschrittenen Konzepte zu demonstrieren. Inzwischen etablierte Best Practices zu Entwurf und Implementierung werden in einem eigenen Kapitel beschrieben und diskutiert.    Neu in der dritten Auflage ist u.a. die Behandlung von immer popul{\"a}rer werdenden Formaten (wie HAL, collection+json und Siren), Hinweise zur Dokumentation von Web-APIs sowie das Zusammenspiel mit Web-Oberfl{\"a}chen nach dem ROCA-Prinzip.  Stefan Tilkov besch{\"a}ftigt sich seit Beginn der 90er-Jahre mit Architekturans{\"a}tzen fu?r gro{\ss}e, verteilte Systemlandschaften. Von 1993 bis 1998 war er in verschiedenen Rollen bei einem mittelst{\"a}ndischen Softwarehaus t{\"a}tig, zuletzt als Leiter des Bereichs Anwendungsentwicklung, bevor er 1999 die Technologieberatung innoQ Deutschland GmbH mitgru?ndete. Als Gesch{\"a}ftsfu?hrer und Principal Consultant besch{\"a}ftigt er sich dort schwerpunktm{\"a}{\ss}ig mit leichtgewichtigen Architekturans{\"a}tzen und serviceorientierten IT-Architekturen.    Martin Eigenbrodt ist seit 2009 Mitarbeiter bei innoQ. Als Senior Consultant geh{\"o}rt sowohl die Schulung und Beratung beim Entwurf von RESTful APIs zu seinen Aufgaben, als auch deren konkrete Implementierung. Technologisch liegt sein Schwerpunkt  dabei auf Scala und Play.    Silvia Schreier besch{\"a}ftigt sich seit einigen Jahren mit REST. Zun{\"a}chst im Rahmen ihrer T{\"a}tigkeit als wissenschaftliche Mitarbeiterin an der FernUniversit{\"a}t in Hagen und seit 2013 als Consultant bei innoQ. Dort liegt ihr Schwerpunkt auf dem Entwurf und der Entwicklung REST- und ROCA-konformer Anwendungen mit verschiedensten Programmiersprachen und Persistenzl{\"o}sungen. Au{\ss}erdem versucht sie bei Veranstaltungen verschiedenster Initiativen andere Menschen fu?r die IT zu begeistern.    Oliver Wolf besch{\"a}ftigt sich seit vielen Jahren mit Software- und Systemarchitektur und interessiert sich besonders fu?r gro{\ss}e, verteilte Systeme mit hohen Anforderungen an Sicherheit, Skalierbarkeit und Flexiblit{\"a}t. Bevor er als Principal Consultant zu innoQ kam, war er unter anderem als Chefarchitekt, Technischer Produktmanager und Berater bei verschiedenen IT-Unternehmen t{\"a}tig.},
 author = {Tilkov, Stefan and Eigenbrodt, Martin and Schreier, Silvia and Wolf, Oliver},
 year = {2015},
 title = {REST und HTTP: Entwicklung und Integration nach dem Architekturstil des Web},
 url = {http://gbv.eblib.com/patron/FullRecord.aspx?p=2046366},
 address = {Heidelberg},
 edition = {3. Auflage},
 publisher = {dpunkt},
 isbn = {9783864901201}
}


@book{Tilley.2012,
 abstract = {For a large, complex system, the amount of test cases in a regression test suite can range from a few hundred to several thousands, which can take hours or even days to execute. Regression testing also requires considerable resources that are often not readily available. This precludes their use in an interactive setting, further contributing to an inefficient testing process. Cloud computing offers the use of virtualized hardware, effectively unlimited storage, and software services that can help reduce the execution time of large test suites in a cost-effective manner. The research presented by Tilley and Parveen leverages the resources provided by cloud computing infrastructure to facilitate the concurrent execution of test cases. They introduce a decision framework called SMART-T to support migration of software testing to the cloud, a distributed environment called HadoopUnit for the concurrent execution of test cases in the cloud, and a series of case studies illustrating the use of the framework and the environment. Experimental results indicate a significant reduction in test execution time is possible when compared with a typical sequential environment. Software testing in the cloud is a subject of high interest for advanced practitioners and academic researchers alike. For advanced practitioners, the issue of cloud computing and its impact on the field of software testing is becoming increasingly relevant. For academic researchers, this is a subject that is replete with interesting challenges; there are so many open problems that graduate students will be busy for years to come. To further disseminate results in this field, the authors created a community of interest called {\dq}Software Testing in the Cloud{\dq} (www.STITC.org), and they encourage all readers to get involved in this exciting new area.},
 author = {Tilley, Scott R. and Parveen, Tauhida},
 year = {2012},
 title = {Software testing in the cloud: Migration and execution},
 keywords = {Cloud computing;Computer software;Informatique},
 address = {Heidelberg and New York},
 publisher = {Springer},
 isbn = {3642321224},
 series = {SpringerBriefs in computer science}
}


@misc{W3C.webarch,
 editor = {W3C},
 year = {2004},
 title = {Architecture of the World Wide Web, Volume One},
 url = {https://www.w3.org/TR/webarch/},
 urldate = {2016-06-08}
}


@misc{W3C.wsarch,
 editor = {W3C},
 year = {2004},
 title = {Web Services Architecture},
 url = {https://www.w3.org/standards/wsarch/},
 urldate = {2016-06-08}
}


@article{Wendland.2014,
 author = {Wendland, Marc Florian},
 year = {2014},
 title = {Einblick in den ISO 29119 {\glqq}Software Testing Standard{\grqq}},
 url = {http://www.sigs-datacom.de/uploads/tx_mwjournals/pdf/wendland_OS_Testing_2014.pdf},
 urldate = {2016-06-28},
 pages = {1--5},
 journal = {Objektspektrum}
}


@book{Witte.2016,
 author = {Witte, Frank},
 year = {2016},
 title = {Testmanagement und Softwaretest: Theoretische Grundlagen und praktische Umsetzung},
 keywords = {Computer science;Computer system failures;Management information systems;Software engineering},
 address = {Wiesbaden},
 edition = {1. Aufl. 2016},
 publisher = {{Springer Vieweg}},
 isbn = {365809964X},
 series = {SpringerLink : B{\"u}cher}
}


